@article{de2023mechanistic,
  title={Mechanistic incorporation of FcRn binding in plasma and endosomes in a whole body PBPK model for large molecules},
  author={de Witte, Wilhelmus EA and Avery, Lindsay B and Mackness, Brian C and Van Bogaert, Tom and Park, Anna and Sargentini-Maier, Maria Laura},
  journal={Journal of Pharmacokinetics and Pharmacodynamics},
  volume={50},
  number={3},
  pages={229--241},
  year={2023},
  publisher={Springer}
}
@article{niederalt2018generic,
  title={A generic whole body physiologically based pharmacokinetic model for therapeutic proteins in PK-Sim},
  author={Niederalt, Christoph and Kuepfer, Lars and Solodenko, Juri and Eissing, Thomas and Siegmund, Hans-Ulrich and Block, Michael and Willmann, Stefan and Lippert, J{\"o}rg},
  journal={Journal of pharmacokinetics and pharmacodynamics},
  volume={45},
  pages={235--257},
  year={2018},
  publisher={Springer}
}